<?xml version="1.0" encoding="UTF-8"?><collection xmlns="http://www.loc.gov/MARC21/slim"><record><leader>00442nam--2200133-i-4500</leader><controlfield tag="001">000017212</controlfield><controlfield tag="002">20161230</controlfield><controlfield tag="005">20161230201032</controlfield><controlfield tag="008">060222s1000------------r-----000-0-eng-d</controlfield><datafield ind1=" " ind2=" " tag="020"><subfield code="a">92-826-3</subfield></datafield><datafield ind1=" " ind2=" " tag="080"><subfield code="a">341.217(4):001.89</subfield></datafield><datafield ind1=" " ind2=" " tag="245"><subfield code="a">Les programmes communautaires de recherche. troisieme programme-cadre 1990-1994</subfield></datafield><datafield ind1=" " ind2=" " tag="260"><subfield code="a">Luxembourg, Direction Generale Telecommunicati Ons, Industries De L`Information Et Innovation 214 P</subfield></datafield><datafield ind1=" " ind2=" " tag="852"><subfield code="a">80152</subfield></datafield></record></collection>